% This file was created with JabRef 2.6.
% Encoding: Cp1252

@ARTICLE{low-04,
  author = {David G. Lowe},
  title = {{D}istinctive {I}mage {F}eatures from {S}cale-{I}nvariant {K}eypoints},
  journal = {International Journal of Computer Vision},
  year = {2004},
  volume = {60},
  pages = {91-110},
  number = {2},
  file = {:X\:\\sinai\\diplomarbeit\\literatur\\interest points\\lowe04-SIFT[printed].pdf:PDF},
  owner = {diem},
  timestamp = {2008.06.17}
}

@ARTICLE{mik-05,
  author = {Krystian Mikolajczyk and Cordelia Schmid},
  title = {{A} {P}erformance {E}valuation of {L}ocal {D}escriptors},
  journal = {IEEE Transactions on Pattern Analysis and Machine Intelligence},
  year = {2005},
  volume = {27},
  pages = {1615-1630},
  number = {10},
  owner = {diem},
  timestamp = {2008.06.13}
}

@OTHER{java_risks_cisico,
  author = {Cisco Systems, Inc.},
  title = {Java Security Best Practices},
  howpublished = {\url{http://www.cisco.com/web/about/security/intelligence/2013/java_wp.html}},
  timestamp = {2014.09.29}
}

@OTHER{java_risks_bmi,
  author = {Bundesamt für Sicherheit in der Informationstechnik},
  title = {Gefahren und Risiken im Zusammenhang mit Java-Applets},
  howpublished = {\url{https://www.bsi.bund.de/DE/Themen/Cyber-Sicherheit/Themen/Sicherheitsvorfaelle/AktiveInhalte/definitionen/appletsgefahren.html}},
  timestamp = {2014.09.29}
}


@OTHER{html,
  author = {W3C},
  title = {W3C Candidate Recommendation},
  year = {2014},
  month = {Jul},
  howpublished = {\url{http://www.w3.org/TR/2014/CR-html5-20140731/}},
  timestamp = {2014.08.25}
}

@BOOK{pacs,
  AUTHOR = "Dr. H. K. Huang",
  TITLE = "PACS and Imaging Informatics",
  PUBLISHER = "Kluwer Academic Press",
  YEAR = "2010",
  month = {Mar},
  ADDRESS = "Wiley-Blackwell"
}

@OTHER{osirix,
  author = {Antoine Rosset},
  title = {Osirix - DICOM Viewer},
  month = {Sept},
  year = {2014},
  howpublished = {\url{http://www.osirix-viewer.com/}}
}

@OTHER{http,
  author = {Network Working Group},
  title = {Hypertext Transfer Protocol -- HTTP/1.1},
  month = {Jun},
  year = {1999},
  howpublished = {\url{https://www.ietf.org/rfc/rfc2616.txt}}
}

@BOOK{rest,
  AUTHOR = "Stefan Tilkov",
  TITLE = "REST und HTTP : Einsatz der Architektur des Web für Integrationsszenarien",
  PUBLISHER = "Heidelberg : dpunkt-Verlag",
  YEAR = "2009"
}

@BOOK{ajax,
  AUTHOR = "Johannes Gamperl",
  TITLE = "AJAX : Web 2.0 in der Praxis",
  PUBLISHER = "Galileo Press",
  YEAR = "2006",
  month = {Mar},
  ADDRESS = "Bonn"
}


@OTHER{capp,
  author = {Cappuccino Project},
  title = {Cappuccino Web Framework},
  month = {Jul},
  year = {2013},
  howpublished = {\url{http://www.cappuccino-project.org/}}
}

@OTHER{kres,
  author = {},
  title = {Khresmoi - Desciption of Work - Proposal 257528},
  journal = {IEEE Transactions on Pattern Analysis and Machine Intelligence},
  year = {},
  pages = {1-47},
  timestamp = {2008.06.13}
}

@OTHER{japp,
  author = {Oracle},
  title = {Java Applets},
  howpublished = {\url{http://docs.oracle.com/javase/tutorial/deployment/applet/}},
  timestamp = {2014.08.25}
}

@OTHER{webgl-spec-14,
  author = {Khronos Group},
  title = {WebGL 2 Specification},
  year = {2014},
  month = {Aug},
  howpublished = {\url{https://www.khronos.org/registry/webgl/specs/latest/2.0/}},
  timestamp = {2014.08.25}
}

@OTHER{opengl-es-sepc,
  author = {Khronos Group},
  title = {OpenGL ES 3.1 Specifications and Documentation},
  year = {2014},
  month = {June},
  howpublished = {\url{http://www.khronos.org/registry/gles/specs/3.1/es_spec_3.1.pdf}},
  timestamp = {2014.08.25}
}

@OTHER{webgl-introduction,
  author = {Microsoft},
  title = {Erste Schritte mit WebGL},
  howpublished = {\url{http://msdn.microsoft.com/de-de/library/dn385807(v=vs.85).aspx}},
  timestamp = {2014.09.30}
}


@OTHER{flash-14,
  author = {Adobe Systems},
  title = {Funktionen | Adobe Flash Player},
  year = {2014},
  howpublished = {\url{http://www.adobe.com/at/products/flashplayer/features.html}},
  timestamp = {2014.08.25}
}

@OTHER{webgl-14,
  author = {Khronos Group},
  title = {WebGL - OpenGL ES 2.0 for the Web},
  year = {2014},
  howpublished = {\url{http://www.khronos.org/webgl/}},
  timestamp = {2014.08.28}
}

@OTHER{pixijs,
  author = {Goodboy Digital Ltd.},
  title = {Pixi.js - 2D webGL renderer with canvas fallback},
  year = {2014},
  howpublished = {\url{http://www.pixijs.com/}},
  timestamp = {2014.09.17}
}

